<marc:record xmlns:marc="http://www.loc.gov/MARC21/slim" xmlns:xsi="http://www.w3.org/2001/XMLSchema-instance" xsi:schemaLocation="http://www.loc.gov/MARC21/slim http://www.loc.gov/standards/marcxml/schema/MARC21slim.xsd">
  <marc:leader>     cam a2200253 a 4500</marc:leader>
  <marc:controlfield tag="001">000595131</marc:controlfield>
  <marc:controlfield tag="003">NNU</marc:controlfield>
  <marc:controlfield tag="005">20071015132340.0</marc:controlfield>
  <marc:controlfield tag="008">011026q196590  iq            000 0 ara d</marc:controlfield>
  <marc:datafield tag="035" ind1="9" ind2=" ">
    <marc:subfield code="a">NYUb12368866</marc:subfield>
  </marc:datafield>
  <marc:datafield tag="035" ind1=" " ind2=" ">
    <marc:subfield code="a">(CStRLIN)NYUG01-B4892</marc:subfield>
  </marc:datafield>
  <marc:datafield tag="040" ind1=" " ind2=" ">
    <marc:subfield code="a">MH</marc:subfield>
    <marc:subfield code="c">MH</marc:subfield>
    <marc:subfield code="d">CStRLIN</marc:subfield>
    <marc:subfield code="d">NNU</marc:subfield>
  </marc:datafield>
  <marc:datafield tag="066" ind1=" " ind2=" ">
    <marc:subfield code="c">(3</marc:subfield>
  </marc:datafield>
  <marc:datafield tag="090" ind1=" " ind2=" ">
    <marc:subfield code="a">PJ6101</marc:subfield>
    <marc:subfield code="b">.A723 1965</marc:subfield>
  </marc:datafield>
  <marc:datafield tag="100" ind1="1" ind2=" ">
    <marc:subfield code="6">01</marc:subfield>
    <marc:subfield code="a">Ḥusaynī, Ṣādiq Mahdī.</marc:subfield>
  </marc:datafield>
  <marc:datafield tag="100" ind1="1" ind2=" ">
    <marc:subfield code="6">01</marc:subfield>
    <marc:subfield code="a">حسينى، صادق مهدي.</marc:subfield>
  </marc:datafield>
  <marc:datafield tag="245" ind1="1" ind2="0">
    <marc:subfield code="6">02</marc:subfield>
    <marc:subfield code="a">Sharḥ al-Ṣamadīyah [li] Muḥammad ibn al-Ḥusayn ibn ʻAbd al-Ṣamad al-ʻĀmilī al-shahīr bi-al-Shaykh al-Bahāʼī al-mutawaffʹa sanat 1030 /</marc:subfield>
    <marc:subfield code="c">Ṣādiq Mahdī al-Ḥusaynī.</marc:subfield>
  </marc:datafield>
  <marc:datafield tag="245" ind1="1" ind2="0">
    <marc:subfield code="6">02</marc:subfield>
    <marc:subfield code="a">شرح الصمدية [لل] شيخ الجليل محمد بن الحسين بن عبدالصمد العاملى الشهير بالشيخ البهائى المتوفى سنة ١٠٣٠ /</marc:subfield>
    <marc:subfield code="c">صادق مهدي الحسينى.</marc:subfield>
  </marc:datafield>
  <marc:datafield tag="260" ind1=" " ind2=" ">
    <marc:subfield code="6">03</marc:subfield>
    <marc:subfield code="a">Karbalāʼ :</marc:subfield>
    <marc:subfield code="b">Muʼassasat al-Aʼlamī,</marc:subfield>
    <marc:subfield code="c">1385 [1965?]</marc:subfield>
  </marc:datafield>
  <marc:datafield tag="260" ind1=" " ind2=" ">
    <marc:subfield code="6">03</marc:subfield>
    <marc:subfield code="a">كربلاء ؛</marc:subfield>
    <marc:subfield code="b">مؤسسة الاعلمي للمطبوعات،</marc:subfield>
    <marc:subfield code="c">١٣٨٥[١٩٦٥؟]</marc:subfield>
  </marc:datafield>
  <marc:datafield tag="300" ind1=" " ind2=" ">
    <marc:subfield code="a">367 p. ;</marc:subfield>
    <marc:subfield code="c">21 cm.</marc:subfield>
  </marc:datafield>
  <marc:datafield tag="600" ind1="1" ind2="0">
    <marc:subfield code="a">ʻĀmilī, Bahāʼ al-Dīn Muḥammad ibn Ḥusayn,</marc:subfield>
    <marc:subfield code="d">1547-1621.</marc:subfield>
    <marc:subfield code="t">Fawāʼid al-Ṣamadīyah fī 'ilm al-ʻArabīyah.</marc:subfield>
  </marc:datafield>
  <marc:datafield tag="650" ind1=" " ind2="0">
    <marc:subfield code="a">Arabic language</marc:subfield>
    <marc:subfield code="x">Grammar.</marc:subfield>
  </marc:datafield>
  <marc:datafield tag="700" ind1="1" ind2=" ">
    <marc:subfield code="a">ʻĀmilī, Bahāʼ al-Dīn Muḥammad ibn Ḥusayn,</marc:subfield>
    <marc:subfield code="d">1547-1621</marc:subfield>
    <marc:subfield code="6">04</marc:subfield>
  </marc:datafield>
  <marc:datafield tag="700" ind1="1" ind2=" ">
    <marc:subfield code="6">04</marc:subfield>
    <marc:subfield code="a">عاملى، بهائى الدين محمد بن الحسين</marc:subfield>
  </marc:datafield>
</marc:record>
